<record><leader>00000cas a22000007a 4500</leader><controlfield tag="001">25152807</controlfield><controlfield tag="008">920123d188u1928nyuwr ne      0    0eng d</controlfield><datafield ind1=" " ind2=" " tag="010"><subfield code="a">sn 92061450 </subfield></datafield><datafield ind1=" " ind2=" " tag="040"><subfield code="a">NYS</subfield><subfield code="b">eng</subfield><subfield code="c">NYS</subfield><subfield code="d">OCLCQ</subfield></datafield><datafield ind1=" " ind2=" " tag="042"><subfield code="a">msc</subfield></datafield><datafield ind1="0" ind2=" " tag="130"><subfield code="a">Wappingers chronicle (Wappingers Falls, N.Y. : 1884)</subfield></datafield><datafield ind1="1" ind2="4" tag="245"><subfield code="a">The Wappingers chronicle.</subfield></datafield><datafield ind1=" " ind2=" " tag="260"><subfield code="a">Wappingers Falls, N.Y. :</subfield><subfield code="b">Fred W. Corson,</subfield><subfield code="c">-1928.</subfield></datafield><datafield ind1=" " ind2=" " tag="300"><subfield code="a">v.</subfield></datafield><datafield ind1=" " ind2=" " tag="310"><subfield code="a">Weekly</subfield></datafield><datafield ind1="0" ind2=" " tag="362"><subfield code="a">-v. 58, no. 39 (Aug. 30, 1928).</subfield></datafield><datafield ind1=" " ind2=" " tag="500"><subfield code="a">Publisher: A.C. Crandall, &lt;June 3, 1910&gt;-Aug. 1928.</subfield></datafield><datafield ind1=" " ind2=" " tag="588"><subfield code="a">Description based on: Vol. 13, no. 25 (June 20, 1884).</subfield></datafield><datafield ind1=" " ind2="4" tag="651"><subfield code="a">Wappingers Falls (N.Y.)</subfield><subfield code="v">Newspapers.</subfield></datafield><datafield ind1=" " ind2=" " tag="752"><subfield code="a">United States</subfield><subfield code="b">New York</subfield><subfield code="c">Dutchess</subfield><subfield code="d">Wappingers Falls.</subfield></datafield><datafield ind1="0" ind2="0" tag="780"><subfield code="t">Weekly chronicle (Wappingers Falls, N.Y.)</subfield><subfield code="w">(DLC)sn 92061449</subfield><subfield code="w">(OCoLC)25150531</subfield></datafield><datafield ind1="0" ind2="0" tag="785"><subfield code="t">Wappingers herald</subfield><subfield code="w">(DLC)sn 92061489</subfield><subfield code="w">(OCoLC)25362939</subfield></datafield></record>